[{"id":"201901","date":"2019-01","sales":164169.85,"margin":11518.28,"commission":1382.19,"bonus":"965","month":"01","year":"2019"},{"id":"201902","date":"2019-02","sales":84078.09,"margin":2627.67,"commission":315.32,"bonus":"865","month":"02","year":"2019"},{"id":"201903","date":"2019-03","sales":198274.23,"margin":4380.74,"commission":525.69,"bonus":"265","month":"03","year":"2019"},{"id":"201904","date":"2019-04","sales":476794.18,"margin":18854.91,"commission":1629.77,"bonus":"770","month":"04","year":"2019"},{"id":"201905","date":"2019-05","sales":228493.02,"margin":17743.06,"commission":2119.48,"bonus":"745","month":"05","year":"2019"},{"id":"201906","date":"2019-06","sales":150000.93,"margin":13722.3,"commission":2022.3,"bonus":"745","month":"06","year":"2019"},{"id":"201907","date":"2019-07","sales":60468.33,"margin":6988.43,"commission":838.61,"bonus":"115","month":"07","year":"2019"},{"id":"201908","date":"2019-08","sales":62014.58,"margin":2960.48,"commission":355.26,"bonus":"435","month":"08","year":"2019"},{"id":"201909","date":"2019-09","sales":289319.46,"margin":15596.6,"commission":1156.02,"bonus":"445","month":"09","year":"2019"},{"id":"201910","date":"2019-10","sales":183386.58,"margin":9889.84,"commission":1186.78,"bonus":"1380","month":"10","year":"2019"},{"id":"201911","date":"2019-11","sales":23748,"margin":2450.47,"commission":294.06,"bonus":"","month":"11","year":"2019"},{"id":"201912","date":"2019-12","sales":8900,"margin":603.41,"commission":72.41,"bonus":"","month":"12","year":"2019"},{"id":"202001","date":"2020-01","sales":105693.96,"margin":7666.12,"commission":919.93,"bonus":"700","month":"01","year":"2020"},{"id":"202002","date":"2020-02","sales":88526.83,"margin":745.6,"commission":-81.34,"bonus":"550","month":"02","year":"2020"},{"id":"202003","date":"2020-03","sales":55170.69,"margin":7105.32,"commission":1022.76,"bonus":"100","month":"03","year":"2020"},{"id":"202004","date":"2020-04","sales":187864.48,"margin":19792.19,"commission":2375.06,"bonus":"1660","month":"04","year":"2020"},{"id":"202005","date":"2020-05","sales":82427.75,"margin":6193.75,"commission":743.25,"bonus":"345","month":"05","year":"2020"},{"id":"202006","date":"2020-06","sales":92282.56,"margin":9977.8,"commission":1515.64,"bonus":"465","month":"06","year":"2020"},{"id":"202007","date":"2020-07","sales":147435.21,"margin":9472.1,"commission":1136.65,"bonus":"1080","month":"07","year":"2020"},{"id":"202008","date":"2020-08","sales":245710.88,"margin":15281.43,"commission":1711.1,"bonus":"1355","month":"08","year":"2020"},{"id":"202009","date":"2020-09","sales":207669.38,"margin":20212.18,"commission":2348.06,"bonus":"760","month":"09","year":"2020"},{"id":"202010","date":"2020-10","sales":150940.09,"margin":12909.85,"commission":1180.11,"bonus":"665","month":"10","year":"2020"},{"id":"202011","date":"2020-11","sales":100000,"margin":4682.93,"commission":1172.5,"bonus":"","month":"11","year":"2020"},{"id":"202012","date":"2020-12","sales":195941.51,"margin":16133.87,"commission":1936.06,"bonus":"455","month":"12","year":"2020"},{"id":"202101","date":"2021-01","sales":24813.88,"margin":3038.02,"commission":251.38,"bonus":"","month":"01","year":"2021"},{"id":"202102","date":"2021-02","sales":373541.98,"margin":16118.8,"commission":2343.49,"bonus":"900","month":"02","year":"2021"},{"id":"202103","date":"2021-03","sales":112634.05,"margin":11730.25,"commission":779.3,"bonus":"300","month":"03","year":"2021"},{"id":"202104","date":"2021-04","sales":322971.71,"margin":19977.89,"commission":2540.33,"bonus":"1750","month":"04","year":"2021"},{"id":"202105","date":"2021-05","sales":279547.73,"margin":15816.46,"commission":2544.11,"bonus":"1215","month":"05","year":"2021"},{"id":"202106","date":"2021-06","sales":112079.36,"margin":9870.83,"commission":1420.98,"bonus":"730","month":"06","year":"2021"},{"id":"202107","date":"2021-07","sales":243820.22,"margin":8812.04,"commission":546.06,"bonus":"680","month":"07","year":"2021"},{"id":"202108","date":"2021-08","sales":290600.06,"margin":27113.37,"commission":3965.91,"bonus":"1715","month":"08","year":"2021"},{"id":"202109","date":"2021-09","sales":108101.81,"margin":8111.66,"commission":973.4,"bonus":"445","month":"09","year":"2021"},{"id":"202110","date":"2021-10","sales":327548.17,"margin":28744.09,"commission":3337.37,"bonus":"1970","month":"10","year":"2021"},{"id":"202111","date":"2021-11","sales":55010.18,"margin":5874,"commission":704.88,"bonus":"755","month":"11","year":"2021"},{"id":"202112","date":"2021-12","sales":155112.38,"margin":13953.16,"commission":2388.19,"bonus":"350","month":"12","year":"2021"},{"id":"202201","date":"2022-01","sales":94615.5,"margin":9954.98,"commission":1194.6,"bonus":"","month":"01","year":"2022"},{"id":"202202","date":"2022-02","sales":84274.54,"margin":6535.82,"commission":784.3,"bonus":"170","month":"02","year":"2022"},{"id":"202203","date":"2022-03","sales":185105.41,"margin":19587.62,"commission":2003.99,"bonus":"270","month":"03","year":"2022"},{"id":"202204","date":"2022-04","sales":285813.33,"margin":23546.85,"commission":2825.62,"bonus":"780","month":"04","year":"2022"},{"id":"202205","date":"2022-05","sales":221821.52,"margin":8753.81,"commission":947.25,"bonus":"1285","month":"05","year":"2022"},{"id":"202206","date":"2022-06","sales":294723.77,"margin":26691.87,"commission":2906.49,"bonus":"1900","month":"06","year":"2022"},{"id":"202207","date":"2022-07","sales":324277.52,"margin":26162.9,"commission":2718.87,"bonus":"620","month":"07","year":"2022"},{"id":"202208","date":"2022-08","sales":296518.39,"margin":13670.34,"commission":1487.18,"bonus":"170","month":"08","year":"2022"},{"id":"202209","date":"2022-09","sales":595763.72,"margin":42748.99,"commission":5129.88,"bonus":"1400","month":"09","year":"2022"},{"id":"202210","date":"2022-10","sales":320119.53,"margin":27146.42,"commission":3257.57,"bonus":"1390","month":"10","year":"2022"},{"id":"202211","date":"2022-11","sales":147587.05,"margin":9868.4,"commission":1184.21,"bonus":"530","month":"11","year":"2022"},{"id":"202212","date":"2022-12","sales":96975,"margin":6716,"commission":805.92,"bonus":"","month":"12","year":"2022"},{"id":"202301","date":"2023-01","sales":131653.58,"margin":8653.67,"commission":1038.44,"bonus":"170","month":"01","year":"2023"},{"id":"202302","date":"2023-02","sales":26737.7,"margin":2963.87,"commission":355.66,"bonus":"","month":"02","year":"2023"},{"id":"202303","date":"2023-03","sales":247145.44,"margin":23118.38,"commission":3005.39,"bonus":"630","month":"03","year":"2023"},{"id":"202304","date":"2023-04","sales":726028.6,"margin":53775.99,"commission":6990.88,"bonus":"580","month":"04","year":"2023"}]
